%% note: copied from http://adsabs.harvard.edu/default_service.html

% how to add ISBN & publisher??

@PROCEEDINGS{1999ASPC..168.....T,
    title = "{New Perspectives on the Interstellar Medium}",
booktitle = {New Perspectives on the Interstellar Medium},
     year = 1999,
   series = {Astronomical Society of the Pacific Conference Series},
   volume = 168,
   editor = {{Taylor}, A.~R. and {Landecker}, T.~L. and {Joncas}, G.},
   adsurl = {http://adsabs.harvard.edu/abs/1999ASPC..168.....T},
  adsnote = {Provided by the SAO/NASA Astrophysics Data System}
}

@INPROCEEDINGS{1999ASPC..168..461W,
   author = {{Wallace}, B.~J.},
    title = "{J2029+3744 - a Pulsar with an H I Envelope?}",
booktitle = {New Perspectives on the Interstellar Medium},
     year = 1999,
   series = {Astronomical Society of the Pacific Conference Series},
   volume = 168,
   editor = {{Taylor}, A.~R. and {Landecker}, T.~L. and {Joncas}, G.},
    pages = {461},
   adsurl = {http://adsabs.harvard.edu/abs/1999ASPC..168..461W},
  adsnote = {Provided by the SAO/NASA Astrophysics Data System}
}

@BOOK{1993dca..book.....M,
   author = {{Millar}, T.~J. and {Williams}, D.~A.},
    title = "{Dust and chemistry in astronomy}",
 keywords = {COSMIC DUST, INTERSTELLAR CHEMISTRY, STAR FORMATION, MOLECULAR CLOUDS, H LINES, HYDROCARBONS, INTERSTELLAR GAS, ICE, IRRADIATION},
booktitle = {Dust and Chemistry in Astronomy},
     year = 1993,
    month = jan,
   adsurl = {http://adsabs.harvard.edu/abs/1993dca..book.....M},
  adsnote = {Provided by the SAO/NASA Astrophysics Data System}
}

@INBOOK{1993dca..book....9W,
   author = {{Whittet}, D.~C.~B.},
    title = "{Observations of Molecular Ices}",
booktitle = {Dust and Chemistry in Astronomy},
     year = 1993,
   editor = {{Millar}, T.~J. and {Williams}, D.~A.},
    pages = {9},
   adsurl = {http://adsabs.harvard.edu/abs/1993dca..book....9W},
  adsnote = {Provided by the SAO/NASA Astrophysics Data System}
}

@INBOOK{2010pdmo.book..347C,
   author = {{Cerde{\~n}o}, D.~G. and {Green}, A.~M.},
    title = "{Direct detection of WIMPs}",
booktitle = {Particle Dark Matter : Observations, Models and Searches},
     year = 2010,
   editor = {{Bertone}, G.},
publisher = {Cambridge University Press},
    pages = {347},
   url = {http://adsabs.harvard.edu/abs/2010pdmo.book..347C},
  adsnote = {Provided by the SAO/NASA Astrophysics Data System}
}

@PHDTHESIS{2012PhDT.........1B,
   author = {{Ball}, W.~H.},
    title = "{Quasi-stars and the Sch{\"o}nberg-Chandrasekhar limit}",
   school = {University of Cambridge wball@ast.cam.ac.uk},
     year = 2012,
    month = Jul,
   adsurl = {http://ukads.nottingham.ac.uk/abs/2012PhDT.........1B},
  adsnote = {Provided by the SAO/NASA Astrophysics Data System}
}

@TECHREPORT{1993cuny.reptS....H,
   author = {{Hamilton}, T.~T.},
    title = "{Dust content of a hydrogen rich, low surface brightness galaxy and the luminosity history of 3C273}",
 keywords = {COSMIC DUST, DWARF GALAXIES, GALACTIC EVOLUTION, HYDROGEN CLOUDS, X RAY ASTRONOMY, X RAY SOURCES, BRIGHTNESS, EMITTANCE, LUMINOSITY, X RAY FLUORESCENCE},
booktitle = {Columbia Univ. Annual Report},
     year = 1993,
   editor = {{Martin}, C.},
    month = dec,
   adsurl = {http://adsabs.harvard.edu/abs/1993cuny.reptS....H},
  adsnote = {Provided by the SAO/NASA Astrophysics Data System}
}

%arxiv preprint
@ARTICLE{2012arXiv1211.2860S,
   author = {{Seon}, K.-I.},
    title = "{The Column Density Variance in Turbulent Interstellar Media: A Fractal Model Approach}",
  journal = {ArXiv e-prints},
archivePrefix = "arXiv",
   eprint = {1211.2860},
 primaryClass = "astro-ph.GA",
 keywords = {Astrophysics - Galaxy Astrophysics},
     year = 2012,
    month = nov,
   adsurl = {http://ukads.nottingham.ac.uk/abs/2012arXiv1211.2860S},
  adsnote = {Provided by the SAO/NASA Astrophysics Data System}
}

%published papers
@ARTICLE{1936ApJ....84..158H,
   author = {{Hubble}, E.},
    title = "{The Luminosity Function of Nebulae. I. The Luminosity Function of Resolved Nebulae as Indicated by Their Brightest Stars}",
  journal = {\apj},
     year = 1936,
    month = sep,
   volume = 84,
    pages = {158},
      doi = {10.1086/143756},
   adsurl = {http://ukads.nottingham.ac.uk/abs/1936ApJ....84..158H},
  adsnote = {Provided by the SAO/NASA Astrophysics Data System}
}

@ARTICLE{1936ApJ....84..270H,
   author = {{Hubble}, E.},
    title = "{The Luminosity Function of Nebulae. II. The Luminosity Function as Indicated by Residuals in Velocity-Magnitude Relations}",
  journal = {\apj},
     year = 1936,
    month = oct,
   volume = 84,
    pages = {270},
      doi = {10.1086/143764},
   adsurl = {http://ukads.nottingham.ac.uk/abs/1936ApJ....84..270H},
  adsnote = {Provided by the SAO/NASA Astrophysics Data System}
}

@ARTICLE{2010MNRAS.408..342B,
   author = {{Biggs}, A.~D. and {Younger}, J.~D. and {Ivison}, R.~J.},
    title = "{Deep, ultra-high-resolution radio imaging of submillimetre galaxies using Very Long Baseline Interferometry}",
  journal = {\mnras},
archivePrefix = "arXiv",
   eprint = {1004.0009},
 primaryClass = "astro-ph.CO",
 keywords = {galaxies: formation, galaxies: starburst, cosmology: observations, early Universe},
     year = 2010,
    month = oct,
   volume = 408,
    pages = {342-351},
      doi = {10.1111/j.1365-2966.2010.17120.x},
   adsurl = {http://ukads.nottingham.ac.uk/abs/2010MNRAS.408..342B},
  adsnote = {Provided by the SAO/NASA Astrophysics Data System}
}

% Here is a home-made reference to a web page
@MISC{QMULExtrasolarPlanetlecturenotes,
  author = {{Nelson}, R.},
  title = "{QMUL Extrasolar Planets and Astrophysical Discs - Lecture Notes}",
    year = 2012,
     url = {http://www.maths.qmul.ac.uk/~rpn/ASTM735/}
}

