@article{ refId0,
	author = {{Planck Collaboration} and {Ade, P. A. R.} and {Aghanim, N.} and {Arnaud, M.} and {Ashdown, M.} and {Aumont, J.} and {Baccigalupi, C.} and {Balbi, A.} and {Banday, A. J.} and {Barreiro, R. B.} and {Bartlett, J. G.} and {Battaner, E.} and {Benabed, K.} and {Beno\^{\i}t, A.} and {Bernard, J.-P.} and {Bersanelli, M.} and {Bhatia, R.} and {Bock, J. J.} and {Bonaldi, A.} and {Bond, J. R.} and {Borrill, J.} and {Bouchet, F. R.} and {Boulanger, F.} and {Bucher, M.} and {Burigana, C.} and {Cabella, P.} and {Cantalupo, C. M.} and {Cardoso, J.-F.} and {Catalano, A.} and {Cay\'on, L.} and {Challinor, A.} and {Chamballu, A.} and {Chiang, L.-Y} and {Christensen, P. R.} and {Clements, D. L.} and {Colombi, S.} and {Couchot, F.} and {Coulais, A.} and {Crill, B. P.} and {Cuttaia, F.} and {Danese, L.} and {Davies, R. D.} and {de Bernardis, P.} and {de Gasperis, G.} and {de Rosa, A.} and {de Zotti, G.} and {Delabrouille, J.} and {Delouis, J.-M.} and {D\'esert, F.-X.} and {Dickinson, C.} and {Doi, Y.} and {Donzelli, S.} and {Dor\'e, O.} and {D\"orl, U.} and {Douspis, M.} and {Dupac, X.} and {Efstathiou, G.} and {En\ss{}lin, T. A.} and {Falgarone, E.} and {Finelli, F.} and {Forni, O.} and {Frailis, M.} and {Franceschi, E.} and {Galeotta, S.} and {Ganga, K.} and {Giard, M.} and {Giardino, G.} and {Giraud-H\'eraud, Y.} and {Gonz\'alez-Nuevo, J.} and {G\'orski, K. M.} and {Gratton, S.} and {Gregorio, A.} and {Gruppuso, A.} and {Hansen, F. K.} and {Harrison, D.} and {Helou, G.} and {Henrot-Versill\'e, S.} and {Herranz, D.} and {Hildebrandt, S. R.} and {Hivon, E.} and {Hobson, M.} and {Holmes, W. A.} and {Hovest, W.} and {Hoyland, R. J.} and {Huffenberger, K. M.} and {Ikeda, N.} and {Jaffe, A. H.} and {Jones, W. C.} and {Juvela, M.} and {Keih\"anen, E.} and {Keskitalo, R.} and {Kisner, T. S.} and {Kitamura, Y.} and {Kneissl, R.} and {Knox, L.} and {Kurki-Suonio, H.} and {Lagache, G.} and {Lamarre, J.-M.} and {Lasenby, A.} and {Laureijs, R. J.} and {Lawrence, C. R.} and {Leach, S.} and {Leonardi, R.} and {Leroy, C.} and {Linden-V\o{}rnle, M.} and {L\'opez-Caniego, M.} and {Lubin, P. M.} and {Mac\'{\i}as-P\'erez, J. F.} and {MacTavish, C. J.} and {Maffei, B.} and {Malinen, J.} and {Mandolesi, N.} and {Mann, R.} and {Maris, M.} and {Marshall, D. J.} and {Martin, P.} and {Mart\'{\i}nez-Gonz\'alez, E.} and {Masi, S.} and {Matarrese, S.} and {Matthai, F.} and {Mazzotta, P.} and {McGehee, P.} and {Melchiorri, A.} and {Mendes, L.} and {Mennella, A.} and {Meny, C.} and {Mitra, S.} and {Miville-Desch\^enes, M.-A.} and {Moneti, A.} and {Montier, L.} and {Morgante, G.} and {Mortlock, D.} and {Munshi, D.} and {Murphy, A.} and {Naselsky, P.} and {Nati, F.} and {Natoli, P.} and {Netterfield, C. B.} and {N\o{}rgaard-Nielsen, H. U.} and {Noviello, F.} and {Novikov, D.} and {Novikov, I.} and {Osborne, S.} and {Pagani, L.} and {Pajot, F.} and {Paladini, R.} and {Pasian, F.} and {Patanchon, G.} and {Pelkonen, V.-M.} and {Perdereau, O.} and {Perotto, L.} and {Perrotta, F.} and {Piacentini, F.} and {Piat, M.} and {Plaszczynski, S.} and {Pointecouteau, E.} and {Polenta, G.} and {Ponthieu, N.} and {Poutanen, T.} and {Pr\'ezeau, G.} and {Prunet, S.} and {Puget, J.-L.} and {Reach, W. T.} and {Rebolo, R.} and {Reinecke, M.} and {Renault, C.} and {Ricciardi, S.} and {Riller, T.} and {Ristorcelli, I.} and {Rocha, G.} and {Rosset, C.} and {Rowan-Robinson, M.} and {Rubi\~no-Mart\'{\i}n, J. A.} and {Rusholme, B.} and {Sandri, M.} and {Santos, D.} and {Savini, G.} and {Scott, D.} and {Seiffert, M. D.} and {Smoot, G. F.} and {Starck, J.-L.} and {Stivoli, F.} and {Stolyarov, V.} and {Sudiwala, R.} and {Sygnet, J.-F.} and {Tauber, J. A.} and {Terenzi, L.} and {Toffolatti, L.} and {Tomasi, M.} and {Torre, J.-P.} and {Toth, V.} and {Tristram, M.} and {Tuovinen, J.} and {Umana, G.} and {Valenziano, L.} and {Vielva, P.} and {Villa, F.} and {Vittorio, N.} and {Wade, L. A.} and {Wandelt, B. D.} and {Ysard, N.} and {Yvon, D.} and {Zacchei, A.} and {Zonca, A.}},
	encoding = {tex},
	title = {Planck early results. XXII. The submillimetre properties   of a sample of Galactic cold clumps },
	DOI= "10.1051/0004-6361/201116481",
	url= "http://dx.doi.org/10.1051/0004-6361/201116481",
	journal = {A\&A},
	year = 2011,
	volume = 536,
	pages = "A22",
	month = "",
}
