

@INPROCEEDINGS{1994IAUS..154..309R,
   author = {{Rutten}, R.~J. and {Carlsson}, M.},
    title = "{The Formation of Infrared Rydberg Lines}",
booktitle = {IAU Symp. 154: Infrared Solar Physics},
     year = 1994,
    pages = {309},
   adsurl = {http://adsabs.harvard.edu/cgi-bin/nph-bib_query?bibcode=1994IAUS..154..309R&db_key=AST},
  adsnote = {Provided by the NASA Astrophysics Data System}
}

@ARTICLE{1973ApJ...184..605V,
   author = {{Vernazza}, J.~E. and {Avrett}, E.~H. and {Loeser}, R.},
    title = "{Structure of the Solar Chromosphere. Basic Computations and Summary of the Results}",
  journal = {\apj},
     year = 1973,
    month = sep,
   volume = 184,
    pages = {605-632},
      doi = {10.1086/152353},
   adsurl = {http://esoads.eso.org/abs/1973ApJ...184..605V},
  adsnote = {Provided by the SAO/NASA Astrophysics Data System}
}

@ARTICLE{1976ApJS...30....1V,
  author = {{Vernazza}, J.~E. and {Avrett}, E.~H. and {Loeser}, R.},
  title = {{Structure of the solar chromosphere. II - The underlying photosphere
	and temperature-minimum region}},
  journal = {\apjs},
  year = {1976},
  volume = {30},
  pages = {1-60},
  month = jan,
  adsnote = {Provided by the SAO/NASA Astrophysics Data System},
  adsurl = {http://esoads.eso.org/abs/1976ApJS...30....1V},
  doi = {10.1086/190356},
  keywords = {CHROMOSPHERE, PHOTOSPHERE, SOLAR ATMOSPHERE, SOLAR SPECTRA, SOLAR
	TEMPERATURE, ASTRONOMICAL MODELS, CONTINUOUS SPECTRA, INFRARED SPECTRA,
	STELLAR STRUCTURE, ULTRAVIOLET SPECTRA}
}

@ARTICLE{1981ApJS...45..635V,
   author = {{Vernazza}, J.~E. and {Avrett}, E.~H. and {Loeser}, R.},
    title = "{Structure of the solar chromosphere. III - Models of the EUV brightness components of the quiet-sun}",
  journal = {\apjs},
 keywords = {ATMOSPHERIC MODELS, BRIGHTNESS TEMPERATURE, CHROMOSPHERE, EXTREME ULTRAVIOLET RADIATION, NONEQUILIBRIUM THERMODYNAMICS, RADIATIVE HEAT TRANSFER, SOLAR ATMOSPHERE, ULTRAVIOLET SPECTRA, ATMOSPHERIC HEATING, ATOMIC ENERGY LEVELS, CARBON, GRAPHS (CHARTS), HYDROGEN ATOMS, IRON, LYMAN SPECTRA, SOLAR TEMPERATURE, TABLES (DATA)},
     year = 1981,
    month = apr,
   volume = 45,
    pages = {635-725},
      doi = {10.1086/190731},
   adsurl = {http://esoads.eso.org/abs/1981ApJS...45..635V},
  adsnote = {Provided by the SAO/NASA Astrophysics Data System}
}
