@MISC{UCLA,
  author = {{Edward L. Wright}},
  title = "{Cosmic Microwave Background Anisotropy}",
    year = 2013,
     url = {http://www.astro.ucla.edu/~wright/CMB-DT.html}
}


@MISC{Berkeley,
  author = {{Martin White}},
  title = "{CMB Anisotropy}",
    year = 1997,
     url = {http://w.astro.berkeley.edu/~mwhite/rosetta/node2.html}
}

@MISC{Pryke,
  author = {{Clem Pryke}},
  title = "{Harmonic Multipoles and the CMB Sky}",
    year = 2000,
     url = {http://spud.spa.umn.edu/~pryke/logbook/20000922/}
}

@MISC{LambdaToolsCMBSimulator,
  author = {{NASA}},
  title = "{CAMB Web Interface}",
    year = 2019,
     url = {https://lambda.gsfc.nasa.gov/toolbox/tb_camb_form.cfm}
}

@MISC{LambdaTools,
  author = {{NASA}},
  title = "{WMAP Observations}",
    year = 2012,
     url = {https://lambda.gsfc.nasa.gov/product/map/current/pub_papers/nineyear/cosmology/wmap_9yr_cosmology_images.cfm}
}


@MISC{PostgradCMB,
  author = {{Rita Tojeiro}},
  title = "{Understanding the Cosmic Microwave BackgroundTemperature Power Spectrum}",
    year = 2006,
     url = {https://www.roe.ac.uk/ifa/postgrad/pedagogy/2006_tojeiro.pdf}
}

@MISC{SimpleCMB,
  author = {{Chris North}},
  title = "{Planck CMB Simulator}",
    year = 2013,
     url = {https://chrisnorth.github.io/planckapps/Simulator/#about}
}

@MISC{PythonCAMB,
  author = {{Antony Lewis}},
  title = "{Python CAMB Database}",
    year = 2013,
     url = {https://camb.readthedocs.io/en/latest/}
}

@MISC{Github,
  author = {{Daniil Dolgich}},
  title = "{Personal Github Repository}",
    year = 2019,
     url = {https://github.com/daniildolgich/neutrinocmbspectrum}
}

@MISC{JupyterNotebook,
  author = {{Project Jupyter}},
  title = "{Open-source web app for code and data}",
    year = 2019,
     url = {https://jupyter.org/}
}

@MISC{matplotlib,
  author = {{Matplotlib Developers}},
  title = "{Matplotlib 2D plotting library}",
    year = 2019,
     url = {https://matplotlib.org/}
}

@MISC{numpy,
  author = {{NumPy Developers}},
  title = "{NumPy Scientific Computing}",
    year = 2019,
     url = {https://numpy.org/}
}

@MISC{widgets,
  author = {{Project Jupyter}},
  title = "{Jupyter Widgets}",
    year = 2019,
     url = {https://ipywidgets.readthedocs.io/en/stable/examples/Widget%20List.html}
}


